@book{jvince:2006,
author		= "John Vince",
title 		= "Mathematics for Computer Graphics",
edition		= "2nd ed",
year 		= "2006",
publisher 	= "Springer",
address 	= "London, England"
}

@book{dmarsh:2005,
author		= "Duncan Marsh",
title 		= "Applied Geometry for Computer Graphics and CAD",
edition		= "2nd ed",
year 		= "2005",
publisher 	= "Springer",
address 	= "London, England"
}

@article{dkroon:2009,
author		= "D. Kroon and C.H. Slump",
title		= "Coherence filtering to enhance the mandibular canal in cone-beam CT data",
journal		= "IEEE-EMBS Benelux Chapter Symposium",
volume		= "",
number		= "",
pages		= "",
year		= "2009",
}

@article{jweickert:1999,
author		= "Joachim Weickert",
title		= "Coherence-Enhancing Diffusion Filtering",
journal		= "International Journal of Computer Vision",
volume		= "31",
number		= "2/3",
pages		= "111-127",
year		= "1999"
}

@article{jweickert:2002,
author		= "Joachim Weickert and Hanno Scharr",
title		= "A scheme for Coherence Enhancing Diffusion Filtering with Optimized Rotational Invariance",
journal		= "Journal of Visual Communication and Image Representation",
volume		= "13",
number		= "1/2",
pages		= "103-118",
year		= "2002"
}



@incollection{jweickert:2003,
  title={Coherence-enhancing shock filters},
  author={Joachim Weickert},
  booktitle={Pattern Recognition},
  volume= {2781},
  pages={1--8},
  year={2003},
  publisher={Springer}
}

@article{jweickert:1998,
author		= "J. Weickert and B.M ter Haar Romeny and M.A. Viergewer",
title		= "Efficient and reliable schemes for non-linear diffusion filtering",
journal		= "IEEE Trans. Image Proc.",
volume		= "7",
number		= "",
pages		= "398-410",
year		= "1998"
}

@article{mmaska:2013,
author		= "Martin Maska and Ondrej Danek and Saray Garasa and Anna Rouzaut and Arrate Munoz-Barrutia and Carlos Ortiz-de-Solorzano",
title		= "Segmentation and Shape Tracking of Whole Fluorescent Cells Based on the Chan-Vese Model",
journal		= "IEEE Trans. Medical Imaging",
volume		= "32",
number		= "6",
pages		= "995-1006",
year		= "2013"
}

@article{pmatula:2012,
author		= "P. Matula",
title		= "Image processing in fluorescence microscopy and its utilization in cell biology experiments",
journal		= "Habilitation Thesis (Collection of Articles)",
volume		= "",
number		= "",
pages		= "",
year		= "2012"
}

@misc{cil:9233,
author    	= "S. Huang and T.J. Deerinck and M.H. Ellisman and D.L. Spector",
title     	= "CIL 9233",
note        = "\url{http://www.cellimagelibrary.org/images/9233}",
year		= "(accessed July 6, 2015)",
type 		= "Picture"
}

@misc{cil:11996,
author    	= "R. Mejia",
title     	= "CIL 11996",
note       	= "\url{http://www.cellimagelibrary.org/images/11996}",
year		= "(accessed July 6, 2015)",
type 		= "Picture"
}

@misc{cil:13902,
author    	= "E. Morselli",
title     	= "CIL 13902",
note      	= "\url{http://www.cellimagelibrary.org/images/11996}",
year		= "et al. \ (accessed July 6, 2015)",
type 		= "Picture"
}

@misc{cil:13903,
author    	= "E. Morselli",
title     	= "CIL 13903",
note       	= "\url{http://www.cellimagelibrary.org/images/13903}",
year		= "et al. \ (accessed July 6, 2015)",
type 		= "Picture"
}

@misc{cil:13904,
author    	= "E. Morselli",
title     	= "CIL 13904",
note      	= "\url{http://www.cellimagelibrary.org/images/13904}",
year		= "et al. \ (accessed July 6, 2015)",
type 		= "Picture"
}

@article{celik:2012,
author		= "Turgay Celik and Tardi Tjahjadi",
title		= "Automatic image equalization and contrast enhancement using Gaussian mixture modelling",
journal		= "IEEE Trans. Image Proc.",
volume		= "21",
number		= "",
pages		= "145-156",
year		= "2012"
}

@article{khellaf:1991,
author		= "Amar Khellaf and Azzedine Beghdadi and Henri Dupoisot",
title		= "Entropic constrast enahncement",
journal		= "IEEE Trans. Medical Imaging",
volume		= "10",
number		= "",
pages		= "589-592",
year		= "1991"
}

@article{wang:1991,
author		= "Xiao-Feng Wang and De-Shuang Huang and Huan Xu",
title		= "An efficient local Chan-Vese model for image segmentation",
journal		= "Pattern Recognition",
volume		= "43",
number		= "",
pages		= "603-618",
year		= "2010"
}

@article{hartman:1999,
author		= "E. Hartmann",
title		= "Numerical parameterization of curves and surfaces",
journal		= "Computer Aided Geometric Design",
volume		= "17",
number		= "3",
pages		= "251-266",
year		= "1999",
}

@misc{photometrics1:2011,
institution 	= "Photometrics",
title     	    = "Keep the noise down!",
note       	    = "\url{http://www.photometrics.com/resources/technotes/pdfs/snr.pdf}",
year		    = "(accessed August 8, 2015)"
}

@misc{spectralinstruments:2014,
institution 	= "Spectral Instruments",
title     	    = "What is a CCD?",
url       	    = "http://www.specinst.com/What-is-a-CCD.html",
year			= "(accessed August 8, 2015)"
}

@misc{photometrics2:2011,
institution 	= "Spectral Instruments",
title     	    = "Dark Current",
note     	    = "\url{http://www.photometrics.com/resources/learningzone/darkcurrent.php}",
year			= "(accessed August 8, 2015)"
}

@misc{ccd:2015,
institution 	= "QSI",
title     	    = "Understanding CCDs â€“ Dark Current versus Noise",
note     	    = "\url{http://www.qsimaging.com/blog/understanding-ccds-dark-current-versus-noise}",
year			= "(accessed August 8, 2015)"
}

@misc{olympusmicro1:2012,
	author = "Mortimer Abramowitz and Michael W. Davidson",
	institution = "Olympus America Inc.",
	title = "Fluorescence Microscopy Errors",
	note = "\url{http://www.olympusmicro.com/primer/photomicrography/fluorescenceerrors.html}",
	year = "(accessed March 3, 2016)"
	}
	
@misc{olympusmicro2:2012,
	author = "Mortimer Abramowitz and Michael W. Davidson",
	institution = "Olympus America Inc.",
	title = "Optimization and Troubleshooting",
	note = "\url{http://www.olympusmicro.com/primer/techniques/fluorescence/troubleshoot.html}",
	year = "(accessed March 3, 2016)"
}

@article{widenhorn:2002,
author		= "Ralf Widenhorn and Morley M. Blouke and Alexander Weber and Armin Rest and Erik Bodegom",
title		= "Temperature dependence of dark current in a CCD",
journal		= "Proceedings of SPIE",
volume		= "4669",
number		= "",
pages		= "193-201",
year		= "2002",
}

@article{kim:2003,
author		= "Junwhan Kim and Ramin Zabih",
title		= "A segmentation algorithm for contrast-enhanced images",
journal		= "Computer Vision, 2003. Proceedings. Ninth IEEE International Conference",
volume		= "",
number		= "",
pages		= "502-509",
year		= "2003"
}

@article{subr:2005,
author		= "Kartic Subr and Aditi Majumder and Sandy Irani",
title		= "Greedy algorithm for local contrast enhancement of images",
journal		= "Lecture Notes in Computer Science",
volume		= "3617",
number		= "",
pages		= "171-179",
year		= "2005",
}

@article{meyer:2007,
author		= "Pablo Meyer and Jonathan Dworkin",
title		= "Applications of fluorescence microscopy to single bacterial cells",
journal		= "Elsevier Research in Microbiology",
volume		= "158",
number		= "",
pages		= "187-194",
year		= "2007",
}

@article{larie:1998,
author		= "Larie, SM and Abukmeil, SS",
title		= "Brain Abnormality in Schizophrenia: A Systematic and Quantitative Review of Volumetric Magnetic Resonance Imaging Studies",
journal		= "J. Pscychol.",
volume		= "172",
number		= "",
pages		= "110-120",
year		= "1998",
}

@article{taylor:1995,
author		= "Taylor, P",
title		= "Invited Review: Computer Aids for Decision-making in Diagnostic Radiology -- A Literature Review",
journal		= "Br. J. Radiology",
volume		= "68",
number		= "",
pages		= "946-957",
year	    = "1995"
}

@article{zijdebos:1994,
author		= "Zijdenbos, AP and Dawant, BM",
title		= "Brain segmentation and white matter lesion detection in MR images",
journal		= "Crir. Rev. Biomedical. Eng.",
volume		= "22",
number		= "",
pages		= "401-465",
year		= "1994"
}

@article{worth:1997,
author		= "Worth, AJ and Makris, N and Caviness, VS and Kennedy, DN",
title		= "Neuroanatomical segmentation in MRI: technological objectives",
journal		= "Int. J. Pattern Recognit. Artif. Intell.",
volume		= "11",
number		= "",
pages		= "1161-1187",
year		= "1997"
}

@article{khoo:1997,
author		= "Khoo, VS and Dearnaley, DP and Finnigan, DJ and Padhani, A and Tanner, SF and Leach, MO",
title		= "Magnetic Resonance Imaging (MRI): Considerations and Applications in Radiotherapy Treatment Planning",
journal		= "Radiother. Oncol.",
volume		= "42",
number		= "",
pages		= "1-15",
year		= "1997",
}

%%%%%%%%%%%%%%%%%%%%%%%%%%%%%%%%%%%%%%%%%%%%%%%%%%%%%%%%%%%%%%%%%
%%%%%%%%%%%%%%%%%%%%%%%%%%%%%%%%%%%%%%%%%%%%%%%%%%%%%%%%%%%%%%%%%
% NOISE
@article{luiser:2011,
author		= "Florian Luiser and Thierry Blu and Michael Unser",
title		= "Image denoising in mixed Poisson-Gaussian noise",
journal		= "IEEE Trans. Image Proc.",
volume		= "20",
number		= "3",
pages		= "696-708",
year		= "2011"
}

@article{rodriguez:2008,
author		= "Isabel Rodrigues and Joao Sanches and Jose Bioucas-Dias",
title		= "Denoising of medical images corrupted by Poisson noise",
journal		= "Image Processing, 2008. ICIP 2008. 15th IEEE International Conference",
volume		= "4669",
number		= "",
pages		= "1756-1759",
year		= "2008"
}

@article{le:2005,
author		= "Triet Le and Rick Chatrand and Thomas J. Asaki",
title		= "Denoising Images with Poisson Noise Statistics",
journal		= "Mathematical Modelling and Analysis",
volume		= "",
number		= "",
pages		= "1-2",
year		= "2005"
}

@article{hu:2012,
author		= "Yue Hu and Matthews Jacob",
title		= "Higher degree total variation (HDTV) regularisation for image recovery",
journal		= "IEEE Trans. Image Proc.",
volume		= "21",
number		= "5",
pages		= "2559-2571",
year		= "2012"
}

@article{sawatzky:2009,
author		= "Alex Sawatzky and Christoph Brune and Jahn Muller and Martin Burger",
title		= "Total Variation Processing of Images with Poisson Statistics",
journal		= "",
volume		= "",
number		= "",
pages		= "1-8",
year		= "2009"
}

@article{raj:2012,
author		= "VN Prudhvi Raj and T Venkateswarlu",
title		= "Denoising of Medical Images using Total Variational Method",
journal		= "Signal and Image Processing : An International Journal ",
volume		= "3",
number		= "2",
pages		= "131-142",
year		= "2012"
}

@article{michelli:2011,
author		= "Charles A Micchelli and Lixin Shen and Yuesheng Xu",
title		= "Proximity algorithms for image models: denoising",
journal		= "Inverse Problems",
volume		= "27",
number		= "4",
pages		= "045009",
year		= "2011"
}

@article{nowak:1999,
author		= "Nowak, R.D. and Figueirido, M.A.T.",
title 		= "Unsupervised progressive parsing of Poisson fields using minimum description length criteria",
journal		= "Image Processing, 1999. ICIP 99. Proceedings. 1999 International Conference",
volume		= "2",
number		= "",
pages		= "26-30",
year		= "1999"
}

@article{willett:2004,
author		= "Willett, R.M. and Nowak, R.D",
title		= "Fast multiresolution photon-limited image reconstruction",
journal		= "Biomedical Imaging: Nano to Macro, 2004. IEEE International Symposium",
volume		= "2",
number		= "",
pages		= "1192-1195",
year		= "2004"
}

@article{timmermann:1999,
author		= "Timmermann, K.E. and Nowak, R.D",
title		= "Multiscale modeling and estimation of Poisson processes with application to photon-limited imaging",
journal		= "Information Theory, IEEE Transactions",
volume		= "45",
number		= "3",
pages		= "846-862",
year		= "1999"
}

@article{wei:2010,
author		= "Weibo Wei and Zhenkuan Pan and Jun Sun and Zengfang Zhao",
title 		= "Split Bregman Algorithm of TV-L1 Model for Image Diffusion",
journal		= "Pattern Recognition (CCPR), 2010 Chinese Conference on ",
volume 		= "",
number 		= "",
pages 		= "1-5",
year 		= "2010"
}

@article{getreuer:2012,
author 		= "Pascal Getreuer",
title 		= "Rudin-Osher-Fatemi Total Variation Denoising using Split Bregman",
journal		= "Image Processing On Line",
volume 		= "",
number 		= "",
pages 		= "74-95",
year 		= "2012"
}

@article{zehiry:2007,
author = {El Zehiry, Noha and Xu, Steve and Sahoo, Prasanna and Elmaghraby, Adel},
 title = {Graph Cut Optimization for the Mumford-Shah Model},
 booktitle = {The Seventh IASTED International Conference on Visualization, Imaging and Image Processing},
 series = {VIIP '07},
 year = {2007},
 isbn = {978-0-88986-692-8},
 location = {Palma de Mallorca, Spain},
 pages = {182--187},
 publisher = {ACTA Press},
 address = {Anaheim, CA, USA}
}

@article{luiser:2009,
author 		= "Florian Luiser and Cedric Vonesch and Thierry Blu and Michael Unser",
title 		= "Fast interscale wavelet denoising of Poisson-corrupted images",
journal		= "Elsevier Signal Processing",
volume 		= "",
number 		= "",
pages 		= "415-427",
year 		= "2009"
}

@article{raj2:2012,
author 		= "V Naga Prudhvi Raj and T Venkateswarlu",
title 		= "Denoising of Poisson and Rician Noise from Medical Images using Variance Stabilisation and Multiscale Transforms",
journal		= "International Journal of Computer Applications",
volume 		= "57",
number 		= "21",
pages 		= "24-31",
year 		= "2012"
}

@article{shinde:2012,
author 		= "Bhausaheb Shinde and Dnyandeo Mhaske and A R Dani",
title 		= "Study of noise detection and removal techniques in medical imaging",
journal		= "I.J. Image, Graphics and Signal Processing",
volume 		= "2",
number 		= "",
pages 		= "51-60",
year 		= "2012"
}

@article{raj3:2012,
author 		= "V Naga Prudhvi Raj and T Venkateswarlu",
title 		= "Denoising of Magnetic Resonance and X-ray images using Variance Stabilisation and patch based algorithms",
journal		= "The International Journal of Multimedia and Its Applications",
volume 		= "4",
number 		= "6",
pages 		= "53-71",
year 		= "2012"
}

@article{garg:2012,
author 		= "Ravi Garg and Arbhijeet Kumar",
title 		= "Comparison of various noise removal using bayesian framework",
journal		= "International Journal of Modern Engineering Research",
volume 		= "2",
number 		= "1",
pages 		= "265-170",
year 		= "2012"
}

%%%%%%%%%%%%%%%%%%%%%%%%%%%%%%%%%%%%%%%%%%%%%%%%%%%%%%%%%%%%
% CONTRAST ENHANCEMENT
%%%%%%%%%%%%%%%%%%%%%%%%%%%%%%%%%%%%%%%%%%%%%%%%%%%%%%%%%%%%
@article{stark:2000,
author 		= "J Alex Stark",
title 		= "Adaptive Image Contrast using Generalizations of Histogram Equalixation",
journal		= "IEEE Transactions on Image Processing",
volume 		= "9",
number 		= "5",
pages 		= "889-896",
year 		= "2000"
}

@article{starck:2003,
author 		= "Jean-Luc Starck and Fionn Murtagh and Emmanuel J Candes and David L Donoho",
title 		= "Color and Gray Image Contrast Enhancement by the Curvelet Transform",
journal		= "IEEE Transactions on Image Processing",
volume 		= "12",
number 		= "6",
pages 		= "706-717",
year 		= "2003"
}

@article{mukherjee:2009,
author 		= "Subhayan Mukherjee",
title 		= "Automated enhancement of grayscale images using a fast and scalable k-means approach",
journal		= "International Journal of Engineering and Technology",
volume 		= "1",
number 		= "5",
pages 		= "376-380",
year 		= "2009"
}

%%%%%%%%%%%%%%%%%%%%%%%%%%%%%%%%%%%%%%%%%%%%%%%%%%%%%%%%%%%
@article{lysaker:2004,
author		= "Lysaker, M. and Lundervold, A. and Xue-Cheng Tai",
title		= "Noise removal using fourth-order partial differential equation with applications to medical magnetic resonance images in space and time",
journal		= "Image Processing, IEEE Transactions",
volume		= "12",
number		= "12",
pages		= "1579-1590",
year		= "2004"
}

@article{zhou:2013,
author		= "Feng Zhou and Xiuli Ma and Yang Li and Xiaojun Zhou",
title		= "Medical image enhancement based on NSCT",
journal		= "Smart and Sustainable City 2013 (ICSSC 2013), IET International Conference",
volume		= "",
number		= "",
pages		= "166-16 ",
year		= "2013"
}

@article{wang:2008,
author		= "Qian Wang and Liya Chen and Dinggang Shen",
title		= "Fast histogram equalization for medical image enhancement",
journal		= "Engineering in Medicine and Biology Society, 2008. EMBS 2008. 30th Annual International Conference of the IEEE",
volume		= "",
number		= "",
pages		= "2217-2220",
year		= "2008"
}
